@manual{regle_7_wonder_duel,
	title = {Regles du jeux 7 wonder duel},
	note = {\url{https://cdn.1j1ju.com/medias/bd/ad/a7-7-wonders-duel-regles.pdf}},
}

@online{wiki_7_wonder,
	author = {wikipedia},
	title = {Wonder},
	url = {https://en.wikipedia.org/wiki/7_Wonders_(board_game)},
}

@unpublished{wiki_theorie_jeux,
	author = {wikipedia},
	title = {theorie des jeux},
	note = {\url{https://fr.wikipedia.org/wiki/Théorie_des_jeux}},
}

@unpublished{wiki_typo_theorie_jeux,
	author = {wikipedia},
	title = {typologie theorie des jeux},
	note = {\url{https://fr.wikipedia.org/wiki/Théorie_des_jeux#Typologie}},
}

@unpublished{wiki_representation_theorie_jeux,
	author = {wikipedia},
	title = {representation theories des jeux},
	note = {\url{https://fr.wikipedia.org/wiki/Théorie_des_jeux#Représentations_des_jeux}},
}

@online{cours_arbre_decision,
	author = {université de Lille},
	title = {Arbre de jeu},
	url = {https://www.fil.univ-lille1.fr/~L2S3API/CoursTP/Projets/minmax/algo_minmax.html#arbre-de-jeu},
}

@article{colloque_intelligence_artificielle,
	author = {Jacques Pitrat, Tristan Cazenave, Jacques Duma, Hélène Giroire, Françoise Le Calvez, Gérard Tisseau,
		Marie Urtasun, Fabrice Kocik, Tristan Pannerec, Dominique Pastre, et al},
	title = {Colloque Intelligence Artificielle De Berder, 13-15 septembre 2000},
	year = {2000},
}

@online{min_max,
	author = {123dak},
	title = {Recherche arborescente dans les jeux},
	url = {https://123dok.net/article/recherche-arborescente-jeux-contrôle-raisonnement-hypothétique-
		environnement.qvlo0jgy},
}

@online{minimax_alog,
	author = {wikipedia},
	title = {Algorithme minimax - principe},
	url = {https://fr.wikipedia.org/wiki/Algorithme_minimax#Principe},
}

@online{elagage_alpha_beta,
	author = {wikipedia},
	title = {Elagege alpha_bêta},
	url = {https://fr.wikipedia.org/wiki/Élagage_alpha-bêta},
}